@article{Morales_g,
  author    = {E.F. Morales and L.E. Sucar},
  title     = {Los Robots del Futuro y su Importancia para M\'exico},
  journal   = {Komputer Sapiens},
  volume    = {1},
  number    = {2},
  year      = {2009},
  pages     = {7-12}
}


